<record><leader>00000cas a2200000Ma 4500</leader><controlfield tag="001">10944802</controlfield><controlfield tag="008">840713d1873187ualuwr ne      0    0eng d</controlfield><controlfield tag="009">330</controlfield><datafield ind1=" " ind2=" " tag="010"><subfield code="a">sn 84023576 </subfield></datafield><datafield ind1=" " ind2=" " tag="040"><subfield code="a">AQM</subfield><subfield code="b">eng</subfield><subfield code="c">AQM</subfield></datafield><datafield ind1=" " ind2=" " tag="019"><subfield code="a">11349995</subfield></datafield><datafield ind1="1" ind2=" " tag="029"><subfield code="a">AU@</subfield><subfield code="b">000025825576</subfield></datafield><datafield ind1="0" ind2=" " tag="130"><subfield code="a">Opelika observer (Opelika, Ala.)</subfield></datafield><datafield ind1="0" ind2="0" tag="245"><subfield code="a">Opelika observer.</subfield></datafield><datafield ind1=" " ind2=" " tag="260"><subfield code="a">Opelika, Ala. :</subfield><subfield code="b">Strange &amp; Cowan,</subfield></datafield><datafield ind1=" " ind2=" " tag="300"><subfield code="a">v. :</subfield><subfield code="b">ill. ;</subfield><subfield code="c">92 cm.</subfield></datafield><datafield ind1=" " ind2=" " tag="310"><subfield code="a">Weekly</subfield></datafield><datafield ind1="0" ind2=" " tag="362"><subfield code="a">Vol. 1, no. 23 (Mar. 20, 1873)-</subfield></datafield><datafield ind1=" " ind2=" " tag="500"><subfield code="a">Editors: French Strange and Jno. L. Cowan &lt;1873&gt;, J.L. Cowan &lt;1876&gt;</subfield></datafield><datafield ind1=" " ind2="7" tag="655"><subfield code="a">Newspapers.</subfield><subfield code="2">rbgenr</subfield></datafield><datafield ind1=" " ind2=" " tag="752"><subfield code="a">United States</subfield><subfield code="b">Alabama</subfield><subfield code="c">Lee</subfield><subfield code="d">Opelika.</subfield></datafield><datafield ind1="0" ind2="0" tag="780"><subfield code="t">Weekly observer</subfield><subfield code="w">(DLC)sn85044549</subfield></datafield><datafield ind1="0" ind2="7" tag="785"><subfield code="t">Opelika locomotive</subfield><subfield code="w">(DLC)sn 85033102</subfield></datafield><datafield ind1="0" ind2="7" tag="785"><subfield code="t">Opelika weekly observer</subfield><subfield code="w">(DLC)sn 86050058</subfield></datafield></record>